 @ARTICLE{thijsentrimon2013,
    author    = "Hiacintha Thijsen-Trimon",
    title     = "Nos papiamento ta na filingrana",
    journal   = "Awe Mainta",
    volume    = "Diahuebs 18 di April",
    year      = 2013 }

@BOOK{sterk2003,
    author    = "Sterkenburg, Piet van (editor)",
    title     = "A Practical Guide to Lexicography",
    publisher = "John Benjamins Publishing Company",
    address   = "Amsterdam",
    year      = "2003",
    isbn      = "90-272-2329-7"  }

@BOOK{holm1988,
    author    = "Holm, John",
    title     = "Pidgins and Creoles",
    publisher = "Cambridge University Press",
    address   = "Cambridge",
    year      = "1988",
    isbn      = "0-521-27108-8"  }

@BOOK{sanchez2005,
    author    = "Sanchez, Tara Savannah",
    title     = "Constraints on structural borrowing in a multilingual contact situation",
    publisher = "University of Pennsylvania",
    address   = "Philadelphia",
    year      = "2005",
    isbn      = ""  }

@BOOK{mansur1991,
    author    = "Mansur, Jossy",
    title     = "Dictionary English-Papiamento Papiamento-English",
    publisher = "Ediccionnan Clasico DIARIO",
    address   = "Oranjestad, Aruba",
    year      = "1991",
    isbn      = ""  }

@BOOK{mansur1991,
    author    = "Mansur, Jossy",
    title     = "Diccionario Avanza Papiamento-Hulandes Hulandes-Papiamento",
    publisher = "Ediccionnan Clasico DIARIO",
    address   = "Oranjestad, Aruba",
    year      = "1997",
    isbn      = ""  }

@BOOK{joubert1999,
    author    = "Joubert, Sidney",
    title     = "Diskshonario Papiamentu-Hulandes",
    publisher = "Fundashion di Leksikografia",
    address   = "Willemstad, Cura√ßao",
    year      = "1999",
    isbn      = "99904-0-290-6"  }

@BOOK{dijkhoff1991,
    author    = "Dijkhoff, Mario",
    title     = "Diskshonario Papiamentu-Hulandes Hulandes-Papiamentu",
    publisher = "De Walburg Pers",
    address   = "Zutphen",
    year      = "1991",
    isbn      = "906011-747-6"  }

@BOOK{vanputte2005,
    author    = "van Putte, drs Igma van Putte-de Windt and dr. Florimon van Putte",
    title     = "Groot Woordenboek Papiaments-Nederlands",
    publisher = "De Walburg Pers",
    address   = "Zutphen",
    year      = "2005",
    isbn      = "90-5730-348-5"  }

@BOOK{dijkhoff2000,
    author    = "Dijkhoff, Mario",
    title     = "Gramatica di Papiamento",
    publisher = "",
    address   = "Oranjestad, Aruba",
    year      = "2000",
    isbn      = "99904-944-7-9"  }

